%% This BibTeX bibliography file was created using BibDesk.
%% http://bibdesk.sourceforge.net/

%%%%%%%%%%%%%%%% optimization and uppaal %%%%%%%%%%%%%%%%%%%%%%%%%%%%%%

@inproceedings{larsen2016online,
  title={Online and compositional learning of controllers with application to floor heating},
  author={Larsen, Kim G and Miku{\v{c}}ionis, Marius and Muniz, Marco and Srba, Ji{\v{r}}{\'\i} and Taankvist, Jakob Haahr},
  booktitle={International Conference on Tools and Algorithms for the Construction and Analysis of Systems},
  pages={244--259},
  year={2016},
  organization={Springer}
}

@article{le2017improved,
  title={An improved algorithm for the control synthesis of nonlinear sampled switched systems},
  author={Le Co{\"e}nt, Adrien and dit Sandretto, Julien Alexandre and Chapoutot, Alexandre and Fribourg, Laurent},
  journal={Formal Methods in System Design},
  pages={1--21},
  year={2017},
  publisher={Springer}
}

%%%%%%%%%%%%%%%%%%%%%%%%%%%%% safe %%%%%%%%%%%%%%%%%%%%%%%%%%%%%%%%%%%

@inproceedings{le2016distributed,
  title={Distributed synthesis of state-dependent switching control},
  author={Le Co{\"e}nt, Adrien and Fribourg, Laurent and Markey, Nicolas and De Vuyst, Florian and Chamoin, Ludovic},
  booktitle={International Workshop on Reachability Problems},
  pages={119--133},
  year={2016},
  organization={Springer}
}

@book{liberzon2003switching,
  title={Switching in systems and control},
  author={Liberzon, Daniel},
  year={2003},
  publisher={Springer Science \& Business Media}
}

@inproceedings{branicky1994stability,
  title={Stability of switched and hybrid systems},
  author={Branicky, Michael S},
  booktitle={Proceedings of 1994 33rd IEEE Conference on Decision and Control},
  volume={4},
  pages={3498--3503},
  year={1994},
  organization={IEEE}
}

% %%%%%%%%%%%%%%%%%%%%%%%%%%%%% Main %%%%%%%%%%%%%%%%%%%%%%
% Modelling 
@article{shukla2013recent,
  title={Recent advances in the solar water heating systems: A review},
  author={Shukla, Ruchi and Sumathy, K and Erickson, Phillip and Gong, Jiawei},
  journal={Renewable and Sustainable Energy Reviews},
  volume={19},
  pages={173--190},
  year={2013},
  publisher={Elsevier}
}


@article{tsilingiris1996solar,
  title={Solar water-heating designâ€”a new simplified dynamic approach},
  author={Tsilingiris, PT},
  journal={Solar Energy},
  volume={57},
  number={1},
  pages={19--28},
  year={1996},
  publisher={Elsevier}
}

@article{jain2017study,
  title={A study of time series models ARIMA and ETS},
  author={Jain, Garima and Mallick, Bhawna},
  journal={Available at SSRN 2898968},
  year={2017}
}


%%%%%%%%%%%%%%%%%%%%%%%%%%%%%%% Book %%%%%%%%%%%%%%%%%%%%%%%%%%%

@book{sanfelice2020hybrid,
  title={Hybrid Feedback Control},
  author={Sanfelice, Ricardo G},
  year={2020},
  publisher={Princeton University Press}
}

%%%%%%%%%%%%%%%%%%%%%%%%%%%%%% Web Sites %%%%%%%%%%%%%%%%%%%%%%%%
% author = {MultiMedia LLC},
% https://solargis.com/products/evaluate/useful-resources


@misc{solargis,
  author = "{solargis}",
  title = {{MS Windows NT} Kernel Description},
  howpublished = {\url{https://solargis.com/es/products/time-series-and-tmy-data/useful-resources}},
  note = {accessed: 2010-09-30},
  year=2010,
}

%%% aun sin usar %%% 

@article{camacho2010model,
  title={Model predictive control techniques for hybrid systems},
  author={Camacho, Eduardo F and Ram{\'\i}rez, Daniel R and Lim{\'o}n, Daniel and De La Pe{\~n}a, D Mu{\~n}oz and Alamo, Teodoro},
  journal={Annual reviews in control},
  volume={34},
  number={1},
  pages={21--31},
  year={2010},
  publisher={Elsevier}
}

@article{david2012evaluation,
  title={An evaluation framework for energy aware buildings using statistical model checking},
  author={David, Alexandre and Du, DeHui and Larsen, Kim G and Miku{\v{c}}ionis, Marius and Skou, Arne},
  journal={Science China information sciences},
  volume={55},
  number={12},
  pages={2694--2707},
  year={2012},
  publisher={Springer}
}


@inproceedings{ashok2019sos,
  title={SOS: safe, optimal and small strategies for hybrid Markov decision processes},
  author={Ashok, Pranav and K{\v{r}}et{\'\i}nsk{\`y}, Jan and Larsen, Kim Guldstrand and Le Co{\"e}nt, Adrien and Taankvist, Jakob Haahr and Weininger, Maximilian},
  booktitle={International Conference on Quantitative Evaluation of Systems},
  pages={147--164},
  year={2019},
  organization={Springer}
}

@article{goorden2021learning,
  title={Learning Safe and Optimal Control Strategies for Storm Water Detention Ponds},
  author={Goorden, Martijn A and Larsen, Kim G and Nielsen, Jesper E and Nielsen, Thomas D and Rasmussen, Michael R and Srba, Jiri},
  journal={arXiv preprint arXiv:2104.12509},
  year={2021}
}


%%%%%%%%%%%%%%%% related works RW %%%%%%%%%%%%%%%%%%%%%%%%%%%%%%%%%%%%%%%%%%%%%
% Floor heating % 

%2
@article{camacho2010model,
  title={Model predictive control techniques for hybrid systems},
  author={Camacho, Eduardo F and Ram{\'\i}rez, Daniel R and Lim{\'o}n, Daniel and De La Pe{\~n}a, D Mu{\~n}oz and Alamo, Teodoro},
  journal={Annual reviews in control},
  volume={34},
  number={1},
  pages={21--31},
  year={2010},
  publisher={Elsevier}
}
%3
@article{david2012evaluation,
  title={An evaluation framework for energy aware buildings using statistical model checking},
  author={David, Alexandre and Du, DeHui and Larsen, Kim G and Miku{\v{c}}ionis, Marius and Skou, Arne},
  journal={Science China information sciences},
  volume={55},
  number={12},
  pages={2694--2707},
  year={2012},
  publisher={Springer}
}
%4
@inproceedings{david2013optimizing,
  title={Optimizing control strategy using statistical model checking},
  author={David, Alexandre and Du, Dehui and Larsen, Kim Guldstrand and Legay, Axel and Miku{\v{c}}ionis, Marius},
  booktitle={NASA Formal Methods Symposium},
  pages={352--367},
  year={2013},
  organization={Springer}
}
%5
@inproceedings{david2014time,
  title={On time with minimal expected cost!},
  author={David, Alexandre and Jensen, Peter G and Larsen, Kim Guldstrand and Legay, Axel and Lime, Didier and S{\o}rensen, Mathias Grund and Taankvist, Jakob H},
  booktitle={International Symposium on Automated Technology for Verification and Analysis},
  pages={129--145},
  year={2014},
  organization={Springer}
}

%6
@book{baier2015tools,
  title={Tools and Algorithms for the Construction and Analysis of Systems: 21st International Conference, TACAS 2015, Held as Part of the European Joint Conferences on Theory and Practice of Software, ETAPS 2015, London, UK, April 11-18, 2015, Proceedings},
  author={Baier, Christel and Tinelli, Cesare},
  volume={9035},
  year={2015},
  publisher={Springer}
}

%8
@inproceedings{hahn2011game,
  title={Game-based abstraction and controller synthesis for probabilistic hybrid systems},
  author={Hahn, Ernst Moritz and Norman, Gethin and Parker, David and Wachter, Bjorn and Zhang, Lijun},
  booktitle={2011 Eighth International Conference on Quantitative Evaluation of SysTems},
  pages={69--78},
  year={2011},
  organization={IEEE}
}


%9
@incollection{larsen2015safe,
  title={Safe and optimal adaptive cruise control},
  author={Larsen, Kim Guldstrand and Miku{\v{c}}ionis, Marius and Taankvist, Jakob Haahr},
  booktitle={Correct System Design},
  pages={260--277},
  year={2015},
  publisher={Springer}
}

%%%%%%%%%%%%%%%%%% related to an improved algorithm %%%%%%%%%%%%%%%5
%2

@article{fribourg2014finite,
  title={Finite controlled invariants for sampled switched systems},
  author={Fribourg, Laurent and K{\"u}hne, Ulrich and Soulat, Romain},
  journal={Formal Methods in System Design},
  volume={45},
  number={3},
  pages={303--329},
  year={2014},
  publisher={Springer}
}

%4
@inproceedings{girard2005reachability,
  title={Reachability of uncertain linear systems using zonotopes},
  author={Girard, Antoine},
  booktitle={International Workshop on Hybrid Systems: Computation and Control},
  pages={291--305},
  year={2005},
  organization={Springer}
}

% 5
@inproceedings{althoff2013reachability,
  title={Reachability analysis of nonlinear systems using conservative polynomialization and non-convex sets},
  author={Althoff, Matthias},
  booktitle={Proceedings of the 16th international conference on Hybrid systems: computation and control},
  pages={173--182},
  year={2013}
}

% 6 
@inproceedings{chen2013flow,
  title={Flow*: An analyzer for non-linear hybrid systems},
  author={Chen, Xin and {\'A}brah{\'a}m, Erika and Sankaranarayanan, Sriram},
  booktitle={International Conference on Computer Aided Verification},
  pages={258--263},
  year={2013},
  organization={Springer}
}
%7
@inproceedings{frehse2011spaceex,
  title={SpaceEx: Scalable verification of hybrid systems},
  author={Frehse, Goran and Le Guernic, Colas and Donz{\'e}, Alexandre and Cotton, Scott and Ray, Rajarshi and Lebeltel, Olivier and Ripado, Rodolfo and Girard, Antoine and Dang, Thao and Maler, Oded},
  booktitle={International Conference on Computer Aided Verification},
  pages={379--395},
  year={2011},
  organization={Springer}
}
%8
@book{moore1996interval,
  title={Interval analysis},
  author={Moore, Ramon E and Yang, CT},
  volume={2},
  year={1996},
  publisher={Prentice-Hall Englewood Cliffs, NJ}
}
